%% This BibTeX bibliography file was created using BibDesk.
%% http://bibdesk.sourceforge.net/


%% Created for Ali Horowitz at 2014-09-16 14:53:00 -0700 


%% Saved with string encoding Unicode (UTF-8) 



@article{harris2011young,
	Author = {Harris, Paul L and Corriveau, Kathleen H},
	Date-Added = {2014-09-16 17:13:59 +0000},
	Date-Modified = {2014-09-16 17:13:59 +0000},
	Journal = {Philosophical Transactions of the Royal Society B: Biological Sciences},
	Number = {1567},
	Pages = {1179--1187},
	Publisher = {The Royal Society},
	Title = {Young children's selective trust in informants},
	Volume = {366},
	Year = {2011}}

@article{pasquini2007preschoolers,
	Author = {Pasquini, Elisabeth S and Corriveau, Kathleen H and Koenig, Melissa and Harris, Paul L},
	Date-Added = {2014-09-16 17:13:32 +0000},
	Date-Modified = {2014-09-16 17:13:32 +0000},
	Journal = {Developmental psychology},
	Number = {5},
	Pages = {1216},
	Publisher = {American Psychological Association},
	Title = {Preschoolers monitor the relative accuracy of informants.},
	Volume = {43},
	Year = {2007}}

@article{corriveau2009preschoolers,
	Author = {Corriveau, Kathleen and Harris, Paul L},
	Date-Added = {2014-09-16 17:13:30 +0000},
	Date-Modified = {2014-09-16 17:13:30 +0000},
	Journal = {Developmental science},
	Number = {1},
	Pages = {188--193},
	Publisher = {Wiley Online Library},
	Title = {Preschoolers continue to trust a more accurate informant 1 week after exposure to accuracy information},
	Volume = {12},
	Year = {2009}}

@article{butler2014,
	Author = {Butler, Lucas P and Markman, Ellen M},
	Date-Added = {2014-09-16 17:09:05 +0000},
	Date-Modified = {2014-09-16 17:12:29 +0000},
	Journal = {Cognition},
	Number = {1},
	Pages = {116--127},
	Publisher = {Elsevier},
	Title = {Preschoolers use pedagogical cues to guide radical reorganization of category knowledge},
	Volume = {130},
	Year = {2014}}

@article{butlerpreschoolers,
	Author = {Butler, Lucas P and Markman, Ellen M},
	Date-Added = {2014-09-16 17:09:00 +0000},
	Date-Modified = {2014-09-16 17:09:00 +0000},
	Title = {Preschoolers ability to navigate communicative interactions in guiding their inductive inferences}}

@article{butler2012,
	Author = {Butler, Lucas P and Markman, Ellen M},
	Date-Added = {2014-09-16 17:08:51 +0000},
	Date-Modified = {2014-09-16 17:12:33 +0000},
	Journal = {Child development},
	Number = {4},
	Pages = {1416--1428},
	Publisher = {Wiley Online Library},
	Title = {Preschoolers use intentional and pedagogical cues to guide inductive inferences and exploration},
	Volume = {83},
	Year = {2012}}

@article{xu2007,
	Author = {Xu, Fei and Tenenbaum, Joshua B},
	Date-Added = {2014-09-16 17:06:54 +0000},
	Date-Modified = {2014-09-16 17:07:01 +0000},
	Journal = {Psychological review},
	Number = {2},
	Pages = {245},
	Publisher = {American Psychological Association},
	Title = {Word learning as Bayesian inference.},
	Volume = {114},
	Year = {2007}}

@article{xu2007sensitivity,
	Author = {Xu, Fei and Tenenbaum, Joshua B},
	Date-Added = {2014-09-16 17:06:33 +0000},
	Date-Modified = {2014-09-16 17:06:33 +0000},
	Journal = {Developmental science},
	Number = {3},
	Pages = {288--297},
	Publisher = {Wiley Online Library},
	Title = {Sensitivity to sampling in Bayesian word learning},
	Volume = {10},
	Year = {2007}}

@article{gweon2010,
	Author = {Gweon, Hyowon and Tenenbaum, Joshua B and Schulz, Laura E},
	Date-Added = {2014-09-16 17:05:28 +0000},
	Date-Modified = {2014-09-16 17:05:36 +0000},
	Journal = {Proceedings of the National Academy of Sciences},
	Number = {20},
	Pages = {9066--9071},
	Publisher = {National Acad Sciences},
	Title = {Infants consider both the sample and the sampling process in inductive generalization},
	Volume = {107},
	Year = {2010}}

@article{denison2010b,
	Author = {Denison, Stephanie and Xu, Fei},
	Date-Added = {2014-09-16 17:04:33 +0000},
	Date-Modified = {2014-09-16 17:05:48 +0000},
	Journal = {Cognitive Science},
	Number = {5},
	Pages = {885--908},
	Publisher = {Wiley Online Library},
	Title = {Integrating Physical Constraints in Statistical Inference by 11-Month-Old Infants},
	Volume = {34},
	Year = {2010}}

@article{denison2010,
	Author = {Denison, Stephanie and Xu, Fei},
	Date-Added = {2014-09-16 17:04:32 +0000},
	Date-Modified = {2014-09-16 17:05:41 +0000},
	Journal = {Developmental Science},
	Number = {5},
	Pages = {798--803},
	Publisher = {Wiley Online Library},
	Title = {Twelve-to 14-month-old infants can predict single-event probability with large set sizes},
	Volume = {13},
	Year = {2010}}

@article{xu2009,
	Author = {Xu, Fei and Denison, Stephanie},
	Date-Added = {2014-09-16 01:05:09 +0000},
	Date-Modified = {2014-09-16 01:05:21 +0000},
	Journal = {Cognition},
	Number = {1},
	Pages = {97--104},
	Publisher = {Elsevier},
	Title = {Statistical inference and sensitivity to sampling in 11-month-old infants},
	Volume = {112},
	Year = {2009}}

@article{xu2008,
	Author = {Xu, Fei and Garcia, Vashti},
	Date-Added = {2014-09-16 01:04:26 +0000},
	Date-Modified = {2014-09-16 01:05:17 +0000},
	Journal = {Proceedings of the National Academy of Sciences},
	Number = {13},
	Pages = {5012--5015},
	Publisher = {National Acad Sciences},
	Title = {Intuitive statistics by 8-month-old infants},
	Volume = {105},
	Year = {2008}}

@article{premack1997,
	Author = {Premack, David and Premack, Ann James},
	Date-Added = {2014-09-16 00:20:39 +0000},
	Date-Modified = {2014-09-16 00:28:01 +0000},
	Journal = {Cognition},
	Number = {2},
	Pages = {235--242},
	Publisher = {Elsevier},
	Title = {Motor competence as integral to attribution of goal},
	Volume = {63},
	Year = {1997}}

@article{gergely1995,
	Author = {Gergely, Gy{\"o}rgy and N{\'a}dasdy, Zolt{\'a}n and Csibra, Gergely and Biro, Szilvia},
	Date-Added = {2014-09-16 00:10:49 +0000},
	Date-Modified = {2014-09-16 00:10:57 +0000},
	Journal = {Cognition},
	Number = {2},
	Pages = {165--193},
	Publisher = {Elsevier},
	Title = {Taking the intentional stance at 12 months of age},
	Volume = {56},
	Year = {1995}}

@article{csibra1998,
	Author = {Csibra, Gergely and Gergely, Gy{\"o}rgy},
	Date-Added = {2014-09-16 00:08:03 +0000},
	Date-Modified = {2014-09-16 00:10:49 +0000},
	Journal = {Developmental Science},
	Number = {2},
	Pages = {255--259},
	Publisher = {Wiley Online Library},
	Title = {The teleological origins of mentalistic action explanations: A developmental hypothesis},
	Volume = {1},
	Year = {1998}}

@article{jaswal2010,
	Author = {Jaswal, Vikram K and Croft, A Carrington and Setia, Alison R and Cole, Caitlin A},
	Date-Added = {2014-09-15 02:43:32 +0000},
	Date-Modified = {2014-09-15 02:43:39 +0000},
	Journal = {Psychological Science},
	Publisher = {Sage Publications},
	Title = {Young children have a specific, highly robust bias to trust testimony},
	Year = {2010}}

@article{pasquini2007,
	Author = {Pasquini, Elisabeth S and Corriveau, Kathleen H and Koenig, Melissa and Harris, Paul L},
	Date-Added = {2014-09-15 02:34:52 +0000},
	Date-Modified = {2014-09-15 02:35:06 +0000},
	Journal = {Developmental Psychology},
	Number = {5},
	Pages = {1216},
	Publisher = {American Psychological Association},
	Title = {Preschoolers monitor the relative accuracy of informants.},
	Volume = {43},
	Year = {2007}}

@article{csibra2007obsessed,
	Author = {Csibra, Gergely and Gergely, Gy{\"o}rgy},
	Date-Added = {2014-09-13 22:03:05 +0000},
	Date-Modified = {2014-09-13 22:03:05 +0000},
	Journal = {Acta psychologica},
	Number = {1},
	Pages = {60--78},
	Publisher = {Elsevier},
	Title = {Obsessed with goals: Functions and mechanisms of teleological interpretation of actions in humans},
	Volume = {124},
	Year = {2007}}

@article{gergely2003,
	Author = {Gergely, Gy{\"o}rgy and Csibra, Gergely},
	Date-Added = {2014-09-13 22:03:02 +0000},
	Date-Modified = {2014-09-16 00:07:33 +0000},
	Journal = {Trends in cognitive sciences},
	Number = {7},
	Pages = {287--292},
	Publisher = {Elsevier},
	Title = {Teleological reasoning in infancy: The na{\i}ve theory of rational action},
	Volume = {7},
	Year = {2003}}

@article{stiller,
	Author = {Stiller, Alex J and Goodman, Noah D and Frank, Michael C},
	Date-Added = {2014-09-10 01:07:37 +0000},
	Date-Modified = {2014-09-10 01:08:09 +0000},
	Journal = {Language, Learning \& Development},
	Title = {Ad-hoc Implicature in Preschool Children},
	Year = {2014}}

@article{bonawitz2011,
	Author = {Bonawitz, Elizabeth and Shafto, Patrick and Gweon, Hyowon and Goodman, Noah D and Spelke, Elizabeth and Schulz, Laura},
	Date-Added = {2014-09-10 00:48:54 +0000},
	Date-Modified = {2014-09-10 00:49:01 +0000},
	Journal = {Cognition},
	Number = {3},
	Pages = {322--330},
	Publisher = {Elsevier},
	Title = {The double-edged sword of pedagogy: Instruction limits spontaneous exploration and discovery},
	Volume = {120},
	Year = {2011}}

@article{gelman2002,
	Author = {Gelman, Susan A and Star, Jon R and Flukes, Jonathan},
	Date-Added = {2014-09-10 00:38:13 +0000},
	Date-Modified = {2014-09-10 00:38:20 +0000},
	Journal = {Journal of Cognition and Development},
	Number = {2},
	Pages = {179--199},
	Publisher = {Taylor \& Francis},
	Title = {Children's use of generics in inductive inferences},
	Volume = {3},
	Year = {2002}}

@article{gelman2003,
	Author = {Gelman, Susan A and Raman, Lakshmi},
	Date-Added = {2014-09-10 00:21:10 +0000},
	Date-Modified = {2014-09-10 00:21:16 +0000},
	Journal = {Child Development},
	Number = {1},
	Pages = {308--325},
	Publisher = {Wiley Online Library},
	Title = {Preschool children use linguistic form class and pragmatic cues to interpret generics},
	Volume = {74},
	Year = {2003}}

@article{hollander2002,
	Author = {Hollander, Michelle A and Gelman, Susan A and Star, Jon},
	Date-Added = {2014-09-10 00:12:26 +0000},
	Date-Modified = {2014-09-10 00:21:03 +0000},
	Journal = {Developmental Psychology},
	Number = {6},
	Pages = {883},
	Publisher = {American Psychological Association},
	Title = {Children's interpretation of generic noun phrases.},
	Volume = {38},
	Year = {2002}}

@article{cimpian2012,
	Author = {Cimpian, Andrei and Scott, Rose M},
	Date-Added = {2014-09-09 23:13:40 +0000},
	Date-Modified = {2014-09-09 23:13:48 +0000},
	Journal = {Cognition},
	Number = {3},
	Pages = {419--433},
	Publisher = {Elsevier},
	Title = {Children expect generic knowledge to be widely shared},
	Volume = {123},
	Year = {2012}}

@article{cimpian2010,
	Author = {Cimpian, Andrei and Cadena, Cristina},
	Date-Added = {2014-09-09 23:09:58 +0000},
	Date-Modified = {2014-09-09 23:10:04 +0000},
	Journal = {Cognition},
	Number = {1},
	Pages = {62--68},
	Publisher = {Elsevier},
	Title = {Why are< i> dunkels</i> sticky? Preschoolers infer functionality and intentional creation for artifact properties learned from generic language},
	Volume = {117},
	Year = {2010}}

@article{cimpian2009,
	Author = {Cimpian, Andrei and Markman, Ellen M},
	Date-Added = {2014-09-09 23:09:51 +0000},
	Date-Modified = {2014-09-09 23:10:08 +0000},
	Journal = {Cognition},
	Number = {1},
	Pages = {14--25},
	Publisher = {Elsevier},
	Title = {Information learned from generic language becomes central to childrens biological concepts: Evidence from their open-ended explanations},
	Volume = {113},
	Year = {2009}}

@article{diesendruck2001,
	Author = {Diesendruck, Gil and Markson, Lori},
	Date-Added = {2014-09-09 23:01:38 +0000},
	Date-Modified = {2014-09-09 23:02:04 +0000},
	Journal = {Developmental Psychology},
	Number = {5},
	Pages = {630},
	Publisher = {American Psychological Association},
	Title = {Children's avoidance of lexical overlap: a pragmatic account.},
	Volume = {37},
	Year = {2001}}

@article{markman1988,
	Author = {Markman, Ellen M and Wachtel, Gwyn F},
	Date-Added = {2014-09-09 22:58:14 +0000},
	Date-Modified = {2014-09-09 22:59:02 +0000},
	Journal = {Cognitive psychology},
	Number = {2},
	Pages = {121--157},
	Publisher = {Elsevier},
	Title = {Children's use of mutual exclusivity to constrain the meanings of words},
	Volume = {20},
	Year = {1988}}

@article{schmidt2011,
	Author = {Schmidt, Marco FH and Rakoczy, Hannes and Tomasello, Michael},
	Date-Added = {2014-09-09 22:19:09 +0000},
	Date-Modified = {2014-09-09 22:19:24 +0000},
	Journal = {Developmental Science},
	Number = {3},
	Pages = {530--539},
	Publisher = {Wiley Online Library},
	Title = {Young children attribute normativity to novel actions without pedagogy or normative language},
	Volume = {14},
	Year = {2011}}

@article{rakoczy2008,
	Author = {Rakoczy, Hannes and Warneken, Felix and Tomasello, Michael},
	Date-Added = {2014-09-09 21:12:03 +0000},
	Date-Modified = {2014-09-09 21:12:28 +0000},
	Journal = {Developmental Psychology},
	Number = {3},
	Pages = {875},
	Publisher = {American Psychological Association},
	Title = {The sources of normativity: young children's awareness of the normative structure of games.},
	Volume = {44},
	Year = {2008}}

@article{schmidt2012,
	Author = {Schmidt, Marco FH and Tomasello, Michael},
	Date-Added = {2014-09-09 03:14:30 +0000},
	Date-Modified = {2014-09-09 03:14:37 +0000},
	Journal = {Current Directions in Psychological Science},
	Number = {4},
	Pages = {232--236},
	Publisher = {Sage Publications},
	Title = {Young children enforce social norms},
	Volume = {21},
	Year = {2012}}

@article{callanan2012,
	Author = {Callanan, Maureen A},
	Date-Added = {2014-09-01 19:22:01 +0000},
	Date-Modified = {2014-09-01 19:22:09 +0000},
	Journal = {Journal of Cognition and Development},
	Number = {2},
	Pages = {137--151},
	Publisher = {Taylor \& Francis},
	Title = {Conducting cognitive developmental research in museums: Theoretical issues and practical considerations},
	Volume = {13},
	Year = {2012}}

@article{shafto2012,
	Author = {Shafto, Patrick and Goodman, Noah D and Frank, Michael C},
	Date-Added = {2014-08-28 22:29:09 +0000},
	Date-Modified = {2014-08-28 22:29:17 +0000},
	Journal = {Perspectives on Psychological Science},
	Number = {4},
	Pages = {341--351},
	Publisher = {Sage Publications},
	Title = {Learning from others the consequences of psychological reasoning for human learning},
	Volume = {7},
	Year = {2012}}

@inproceedings{horowitz2014,
	Author = {Horowitz, Alexandra and Frank, Michael C},
	Booktitle = {Proceedings of the 36th {A}nnual {C}onference of the {C}ognitive {S}cience {S}ociety},
	Date-Added = {2014-08-23 00:08:53 +0000},
	Date-Modified = {2014-08-23 00:10:15 +0000},
	Title = {Preschoolers infer contrast from adjectives if they can access lexical alternatives},
	Year = {2014}}

@article{christie2010,
	Author = {Christie, Stella and Gentner, Dedre},
	Date-Added = {2014-04-30 18:49:29 +0000},
	Date-Modified = {2014-04-30 23:18:52 +0000},
	Journal = {Journal of Cognition and Development},
	Pages = {356--373},
	Publisher = {Taylor \& Francis},
	Title = {Where hypotheses come from: Learning new relations by structural alignment},
	Volume = {11},
	Year = {2010}}

@article{grice1975,
	Author = {Grice, H Paul},
	Date-Added = {2014-01-25 01:39:08 +0000},
	Date-Modified = {2014-01-25 01:39:13 +0000},
	Journal = {1975},
	Pages = {41--58},
	Title = {Logic and conversation},
	Year = {1975}}

@article{akhtar1996,
	Author = {Akhtar, Nameera and Carpenter, Malinda and Tomasello, Michael},
	Date-Added = {2014-01-25 01:38:49 +0000},
	Date-Modified = {2014-01-31 23:51:38 +0000},
	Journal = {Child Development},
	Pages = {635--645},
	Publisher = {Wiley Online Library},
	Title = {The role of discourse novelty in early word learning},
	Volume = {67},
	Year = {1996}}

@article{brooks2013,
	Author = {Brooks, Neon and Audet, Jennifer and Barner, David},
	Date-Added = {2014-01-15 18:26:07 +0000},
	Date-Modified = {2014-01-15 18:26:33 +0000},
	Journal = {Developmental Psychology},
	Number = {6},
	Pages = {1066},
	Publisher = {American Psychological Association},
	Title = {Pragmatic inference, not semantic competence, guides 3-year-olds' interpretation of unknown number words.},
	Volume = {49},
	Year = {2013}}

@article{barner2010,
	Author = {Barner, David and Bachrach, Asaf},
	Date-Added = {2014-01-15 18:25:43 +0000},
	Date-Modified = {2014-01-31 23:51:46 +0000},
	Journal = {Cognitive Psychology},
	Pages = {40--62},
	Publisher = {Elsevier},
	Title = {Inference and exact numerical representation in early language development},
	Volume = {60},
	Year = {2010}}

@article{noveck2000,
	Author = {Noveck, Ira A},
	Date-Added = {2014-01-15 07:00:51 +0000},
	Date-Modified = {2014-01-31 23:52:26 +0000},
	Journal = {Cognition},
	Pages = {165--188},
	Publisher = {Elsevier},
	Title = {When children are more logical than adults: Experimental investigations of scalar implicature},
	Volume = {78},
	Year = {2000}}

@article{papafragou2003,
	Author = {Papafragou, Anna and Musolino, Julien},
	Date-Added = {2014-01-15 06:46:11 +0000},
	Date-Modified = {2014-01-31 23:52:33 +0000},
	Journal = {Cognition},
	Pages = {253--282},
	Publisher = {Elsevier},
	Title = {Scalar implicatures: Experiments at the semantics--pragmatics interface},
	Volume = {86},
	Year = {2003}}

@article{gathercole1989,
	Author = {Gathercole, Susan E and Baddeley, Alan D},
	Date-Added = {2014-01-15 06:10:04 +0000},
	Date-Modified = {2014-01-15 06:11:52 +0000},
	Journal = {Journal of Memory and Language},
	Number = {2},
	Pages = {200--213},
	Publisher = {Elsevier},
	Title = {Evaluation of the role of phonological STM in the development of vocabulary in children: A longitudinal study},
	Volume = {28},
	Year = {1989}}

@article{clark1990,
	Author = {Clark, Eve V},
	Date-Added = {2014-01-15 06:09:36 +0000},
	Date-Modified = {2014-01-15 06:11:06 +0000},
	Journal = {Journal of Child Language},
	Number = {02},
	Pages = {417--431},
	Publisher = {Cambridge Univ Press},
	Title = {On the pragmatics of contrast},
	Volume = {17},
	Year = {1990}}

@article{diesendruck2005,
	Author = {Diesendruck, Gil},
	Date-Added = {2014-01-15 06:08:34 +0000},
	Date-Modified = {2014-01-15 06:11:36 +0000},
	Journal = {Developmental Psychology},
	Number = {3},
	Pages = {451},
	Publisher = {American Psychological Association},
	Title = {The principles of conventionality and contrast in word learning: an empirical examination.},
	Volume = {41},
	Year = {2005}}

@inproceedings{horowitz2012,
	Author = {Horowitz, Alexandra and Frank, Michael C},
	Booktitle = {Proceedings of the 34th {A}nnual {C}onference of the {C}ognitive {S}cience {S}ociety},
	Date-Added = {2014-01-08 13:46:01 -0800},
	Date-Modified = {2014-01-31 23:55:17 +0000},
	Title = {Learning from speaker word choice by assuming adjectives are informative},
	Year = {2012}}

@article{deutsch1982,
	Author = {Deutsch, W. and Pechmann, T.},
	Date-Added = {2012-04-27 01:06:58 -0700},
	Date-Modified = {2012-04-27 01:07:14 -0700},
	Journal = {Cognition},
	Number = {2},
	Pages = {159--184},
	Publisher = {Elsevier},
	Title = {Social interaction and the development of definite descriptions},
	Volume = {11},
	Year = {1982}}

@article{ito2008,
	Author = {Ito, K. and Speer, S.R.},
	Date-Added = {2012-04-25 23:08:30 -0700},
	Date-Modified = {2012-04-25 23:09:46 -0700},
	Journal = {Journal of Memory and Language},
	Number = {2},
	Pages = {541--573},
	Publisher = {Elsevier},
	Title = {Anticipatory effects of intonation: Eye movements during instructed visual search},
	Volume = {58},
	Year = {2008}}

@article{krahmer2001,
	Author = {Krahmer, E. and Swerts, M.},
	Date-Added = {2012-04-25 22:54:07 -0700},
	Date-Modified = {2012-04-25 22:54:32 -0700},
	Journal = {Speech Communication},
	Number = {4},
	Pages = {391--405},
	Publisher = {Elsevier},
	Title = {On the alleged existence of contrastive accents},
	Volume = {34},
	Year = {2001}}

@article{matthews2012,
	Author = {Matthews, D. and Butcher, J. and Lieven, E. and Tomasello, M.},
	Date-Added = {2012-04-25 22:31:08 -0700},
	Date-Modified = {2012-04-25 22:31:27 -0700},
	Journal = {Topics in Cognitive Science},
	Publisher = {Wiley Online Library},
	Title = {Two-and Four-Year-Olds Learn to Adapt Referring Expressions to Context: Effects of Distracters and Feedback on Referential Communication},
	Year = {2012}}

@article{arts2011,
	Author = {Arts, A. and Maes, A. and Noordman, L. and Jansen, C.},
	Date-Added = {2012-04-25 22:12:40 -0700},
	Date-Modified = {2012-04-25 22:12:53 -0700},
	Journal = {Journal of Pragmatics},
	Number = {1},
	Pages = {361--374},
	Publisher = {Elsevier},
	Title = {Overspecification facilitates object identification},
	Volume = {43},
	Year = {2011}}

@article{pechmann2009,
	Author = {Pechmann, T.},
	Date-Added = {2012-04-25 21:47:49 -0700},
	Date-Modified = {2012-04-25 21:48:08 -0700},
	Journal = {Linguistics},
	Number = {1},
	Pages = {89--110},
	Title = {Incremental speech production and referential overspecification},
	Volume = {27},
	Year = {2009}}

@article{engelhardt2006,
	Author = {Engelhardt, P.E. and Bailey, K.G.D. and Ferreira, F.},
	Date-Added = {2012-04-25 21:24:50 -0700},
	Date-Modified = {2012-04-25 21:25:01 -0700},
	Journal = {Journal of Memory and Language},
	Number = {4},
	Pages = {554--573},
	Publisher = {Elsevier},
	Title = {Do speakers and listeners observe the Gricean Maxim of Quantity?},
	Volume = {54},
	Year = {2006}}

@inproceedings{frank2009,
	Author = {Frank, M.C. and Goodman, N.D. and Lai, P. and Tenenbaum, J.B.},
	Booktitle = {Proceedings of the 31st annual conference of the cognitive science society},
	Date-Added = {2012-04-25 11:18:49 -0700},
	Date-Modified = {2012-04-25 11:19:02 -0700},
	Pages = {206--211},
	Title = {Informative communication in word production and word learning},
	Year = {2009}}

@article{demuth2006,
	Author = {Demuth, K. and Culbertson, J. and Alter, J.},
	Date-Added = {2012-01-31 21:22:32 +0000},
	Date-Modified = {2012-01-31 21:22:35 +0000},
	Journal = {Language and Speech},
	Number = {2},
	Pages = {137--173},
	Publisher = {SAGE Publications},
	Title = {Word-minimality, epenthesis and coda licensing in the early acquisition of English},
	Volume = {49},
	Year = {2006}}

@article{sandhofer2001,
	Author = {Sandhofer, C.M. and Smith, L.B.},
	Date-Added = {2012-01-25 00:45:42 -0800},
	Date-Modified = {2012-01-25 00:45:51 -0800},
	Journal = {Journal of Experimental Psychology: General},
	Number = {4},
	Pages = {600},
	Publisher = {American Psychological Association},
	Title = {Why children learn color and size words so differently: Evidence from adults' learning of artificial terms.},
	Volume = {130},
	Year = {2001}}

@inproceedings{nadig2003development,
	Author = {Nadig, A. and Sedivy, J. and Joshi, A. and Bortfeld, H.},
	Booktitle = {Proceedings of the 27 th Annual Boston University Conference on Language Development},
	Date-Added = {2012-01-16 23:29:14 -0800},
	Date-Modified = {2012-01-16 23:29:14 -0800},
	Pages = {568--79},
	Title = {The development of discourse constraints on the interpretation of adjectives},
	Year = {2003}}

@book{clark1996,
	Author = {Clark, H.},
	Date-Added = {2012-01-16 20:48:47 -0800},
	Date-Modified = {2012-01-31 20:03:12 +0000},
	Publisher = {Cambridge University Press Cambridge},
	Title = {Using language},
	Volume = {4},
	Year = {1996}}

@article{sedivy2003,
	Author = {Sedivy, J. C.},
	Date-Added = {2012-01-16 20:07:09 -0800},
	Date-Modified = {2012-01-31 20:02:24 +0000},
	Journal = {Journal of Psycholinguistic Research},
	Number = {1},
	Pages = {3--23},
	Publisher = {Springer},
	Title = {Pragmatic versus form-based accounts of referential contrast: Evidence for effects of informativity expectations},
	Volume = {32},
	Year = {2003}}

@article{grodner2005,
	Author = {Grodner, D. and Sedivy, J. C.},
	Date-Added = {2012-01-16 20:06:38 -0800},
	Date-Modified = {2012-01-31 20:02:34 +0000},
	Journal = {The processing and acquisition of reference. MIT Press: Cambridge, MA},
	Title = {The effect of speaker-specific information on pragmatic inferences},
	Year = {2005}}

@article{sedivy1999,
	Author = {Sedivy, J. C. and Tanenhaus, M. and Chambers, C. G. and Carlson, G. N.},
	Date-Added = {2012-01-16 20:03:11 -0800},
	Date-Modified = {2012-01-31 20:02:54 +0000},
	Journal = {Cognition},
	Number = {2},
	Pages = {109--147},
	Publisher = {Elsevier},
	Title = {Achieving incremental semantic interpretation through contextual representation},
	Volume = {71},
	Year = {1999}}

@article{clark1987,
	Author = {Clark, E.},
	Date-Added = {2012-01-16 19:48:29 -0800},
	Date-Modified = {2012-01-31 20:03:15 +0000},
	Journal = {Mechanisms of language acquisition},
	Pages = {33},
	Title = {The principle of contrast: A constraint on language acquisition},
	Volume = {1},
	Year = {1987}}

@article{barner2011,
	Author = {Barner, D. and Brooks, N. and Bale, A.},
	Date-Added = {2012-01-16 19:41:34 -0800},
	Date-Modified = {2014-01-31 23:51:54 +0000},
	Journal = {Cognition},
	Pages = {84--93},
	Publisher = {Elsevier},
	Title = {Accessing the unsaid: The role of scalar alternatives in children's pragmatic inference},
	Volume = {118},
	Year = {2011}}

@article{fernald2010,
	Author = {Fernald, A. and Thorpe, K. and Marchman, V.A.},
	Date-Added = {2012-01-16 19:40:18 -0800},
	Date-Modified = {2012-01-16 19:40:27 -0800},
	Journal = {Cognitive psychology},
	Number = {3},
	Pages = {190--217},
	Publisher = {Elsevier},
	Title = {Blue car, red car: Developing efficiency in online interpretation of adjective-noun phrases},
	Volume = {60},
	Year = {2010}}

@article{nadig2002,
	Author = {Nadig, A.S. and Sedivy, J. C.},
	Date-Added = {2011-12-12 22:58:37 +0000},
	Date-Modified = {2012-01-31 20:02:27 +0000},
	Journal = {Psychological Science},
	Number = {4},
	Pages = {329},
	Publisher = {SAGE Publications},
	Title = {Evidence of perspective-taking constraints in children's on-line reference resolution},
	Volume = {13},
	Year = {2002}}
